@book{devopshandbook,
    title = {The DevOps Handbook: How to Create World-Class Agility, Reliability, and Security in Technology Organizations},
    author = {Gene Kim},
    year = {2016}
    
},

@site{prometheusnet,
    url = "https://github.com/prometheus-net/prometheus-net"
}

@site{prometheusdotnetmetrics,
    url = "https://github.com/djluck/prometheus-net.DotNetRuntime"
}

@site{prometheusaspnet, 
    url = "https://github.com/rocklan/prometheus-net.AspNet"
}